%YAML 1.1
%TAG !u! tag:unity3d.com,2011:
--- !u!1 &1947809292229332
GameObject:
  m_ObjectHideFlags: 0
  m_CorrespondingSourceObject: {fileID: 0}
  m_PrefabInstance: {fileID: 0}
  m_PrefabAsset: {fileID: 0}
  serializedVersion: 6
  m_Component:
  - component: {fileID: 4050012017370712}
  - component: {fileID: 33588904797901478}
  - component: {fileID: 23817304575205700}
  - component: {fileID: 64452338550932722}
  - component: {fileID: 6319337259904484922}
  - component: {fileID: 7584566538079732799}
  - component: {fileID: 123979437875603043}
  - component: {fileID: 2274771760131026995}
  m_Layer: 0
  m_Name: Prop_Fruit_Banana_01
  m_TagString: Untagged
  m_Icon: {fileID: 0}
  m_NavMeshLayer: 0
  m_StaticEditorFlags: 0
  m_IsActive: 1
--- !u!4 &4050012017370712
Transform:
  m_ObjectHideFlags: 0
  m_CorrespondingSourceObject: {fileID: 0}
  m_PrefabInstance: {fileID: 0}
  m_PrefabAsset: {fileID: 0}
  m_GameObject: {fileID: 1947809292229332}
  m_LocalRotation: {x: 0, y: 0, z: 0, w: 1}
  m_LocalPosition: {x: -0, y: 0, z: 0}
  m_LocalScale: {x: 1, y: 1, z: 1}
  m_Children: []
  m_Father: {fileID: 0}
  m_RootOrder: 0
  m_LocalEulerAnglesHint: {x: 0, y: 0, z: 0}
--- !u!33 &33588904797901478
MeshFilter:
  m_ObjectHideFlags: 0
  m_CorrespondingSourceObject: {fileID: 0}
  m_PrefabInstance: {fileID: 0}
  m_PrefabAsset: {fileID: 0}
  m_GameObject: {fileID: 1947809292229332}
  m_Mesh: {fileID: 4300000, guid: bc00651485555f942b1c492cd9dba7da, type: 3}
--- !u!23 &23817304575205700
MeshRenderer:
  m_ObjectHideFlags: 0
  m_CorrespondingSourceObject: {fileID: 0}
  m_PrefabInstance: {fileID: 0}
  m_PrefabAsset: {fileID: 0}
  m_GameObject: {fileID: 1947809292229332}
  m_Enabled: 1
  m_CastShadows: 1
  m_ReceiveShadows: 1
  m_DynamicOccludee: 1
  m_MotionVectors: 1
  m_LightProbeUsage: 1
  m_ReflectionProbeUsage: 1
  m_RenderingLayerMask: 1
  m_RendererPriority: 0
  m_Materials:
  - {fileID: 2100000, guid: 7e8ece0cf98e0f247aec763476a0a6f9, type: 2}
  m_StaticBatchInfo:
    firstSubMesh: 0
    subMeshCount: 0
  m_StaticBatchRoot: {fileID: 0}
  m_ProbeAnchor: {fileID: 0}
  m_LightProbeVolumeOverride: {fileID: 0}
  m_ScaleInLightmap: 1
  m_PreserveUVs: 0
  m_IgnoreNormalsForChartDetection: 0
  m_ImportantGI: 0
  m_StitchLightmapSeams: 0
  m_SelectedEditorRenderState: 3
  m_MinimumChartSize: 4
  m_AutoUVMaxDistance: 0.5
  m_AutoUVMaxAngle: 89
  m_LightmapParameters: {fileID: 0}
  m_SortingLayerID: 0
  m_SortingLayer: 0
  m_SortingOrder: 0
--- !u!64 &64452338550932722
MeshCollider:
  m_ObjectHideFlags: 0
  m_CorrespondingSourceObject: {fileID: 0}
  m_PrefabInstance: {fileID: 0}
  m_PrefabAsset: {fileID: 0}
  m_GameObject: {fileID: 1947809292229332}
  m_Material: {fileID: 0}
  m_IsTrigger: 0
  m_Enabled: 1
  serializedVersion: 3
  m_Convex: 1
  m_CookingOptions: 14
  m_Mesh: {fileID: 4300000, guid: bc00651485555f942b1c492cd9dba7da, type: 3}
--- !u!114 &6319337259904484922
MonoBehaviour:
  m_ObjectHideFlags: 0
  m_CorrespondingSourceObject: {fileID: 0}
  m_PrefabInstance: {fileID: 0}
  m_PrefabAsset: {fileID: 0}
  m_GameObject: {fileID: 1947809292229332}
  m_Enabled: 1
  m_EditorHideFlags: 0
  m_Script: {fileID: 11500000, guid: a3abaf4521bf2344ea21ed3020b98eb2, type: 3}
  m_Name: 
  m_EditorClassIdentifier: 
  disableWhenIdle: 1
  allowedNearTouchControllers: 0
  allowedTouchControllers: 0
  ignoredColliders: []
  isGrabbable: 1
  holdButtonToGrab: 1
  stayGrabbedOnTeleport: 1
  validDrop: 1
  grabOverrideButton: 0
  allowedGrabControllers: 0
  grabAttachMechanicScript: {fileID: 7584566538079732799}
  secondaryGrabActionScript: {fileID: 123979437875603043}
  isUsable: 0
  holdButtonToUse: 1
  useOnlyIfGrabbed: 0
  pointerActivatesUseAction: 0
  useOverrideButton: 0
  allowedUseControllers: 0
  objectHighlighter: {fileID: 0}
  touchHighlightColor: {r: 0, g: 0, b: 0, a: 0}
  usingState: 0
--- !u!114 &7584566538079732799
MonoBehaviour:
  m_ObjectHideFlags: 0
  m_CorrespondingSourceObject: {fileID: 0}
  m_PrefabInstance: {fileID: 0}
  m_PrefabAsset: {fileID: 0}
  m_GameObject: {fileID: 1947809292229332}
  m_Enabled: 1
  m_EditorHideFlags: 0
  m_Script: {fileID: 11500000, guid: 8afa0b205791c9f4496bf2814aeac078, type: 3}
  m_Name: 
  m_EditorClassIdentifier: 
  precisionGrab: 1
  rightSnapHandle: {fileID: 0}
  leftSnapHandle: {fileID: 0}
  throwVelocityWithAttachDistance: 0
  throwMultiplier: 1
  onGrabCollisionDelay: 0
  destroyImmediatelyOnThrow: 1
  breakForce: 1500
--- !u!114 &123979437875603043
MonoBehaviour:
  m_ObjectHideFlags: 0
  m_CorrespondingSourceObject: {fileID: 0}
  m_PrefabInstance: {fileID: 0}
  m_PrefabAsset: {fileID: 0}
  m_GameObject: {fileID: 1947809292229332}
  m_Enabled: 1
  m_EditorHideFlags: 0
  m_Script: {fileID: 11500000, guid: 18055ba762aa3994f9c10208cd088bc5, type: 3}
  m_Name: 
  m_EditorClassIdentifier: 
--- !u!54 &2274771760131026995
Rigidbody:
  m_ObjectHideFlags: 0
  m_CorrespondingSourceObject: {fileID: 0}
  m_PrefabInstance: {fileID: 0}
  m_PrefabAsset: {fileID: 0}
  m_GameObject: {fileID: 1947809292229332}
  serializedVersion: 2
  m_Mass: 1
  m_Drag: 0
  m_AngularDrag: 0.05
  m_UseGravity: 1
  m_IsKinematic: 0
  m_Interpolate: 0
  m_Constraints: 0
  m_CollisionDetection: 1
